@article{JEDM:baker2009,
author = {Ryan S.J.D. Baker and Kalina Yacef},
title = {The State of Educational Data Mining in 2009: A  Review and Future Visions},
journal ={Journal of Educational Data Mining},
year = {2009},
volume = {1},
number = {1},
pages = {3--17},
}

@article{romero2010educational,
  title={Educational data mining: a review of the state of the art},
  author={Romero, Crist{\'o}bal and Ventura, Sebasti{\'a}n},
  journal={Systems, Man, and Cybernetics, Part C: Applications and Reviews, IEEE Transactions on},
  volume={40},
  number={6},
  pages={601--618},
  year={2010},
  publisher={IEEE}
}

